@article{khanchandani2021byzantine,
  title={Byzantine Agreement with Unknown Participants and Failures},
  author={Khanchandani, Pankaj and Wattenhofer, Roger},
  journal={arXiv preprint arXiv:2102.10442},
  year={2021}
}
@inproceedings{berman1992optimal,
  title={Optimal early stopping in distributed consensus},
  author={Berman, Piotr and Garay, Juan A and Perry, Kenneth J},
  booktitle={International Workshop on Distributed Algorithms},
  pages={221--237},
  year={1992},
  organization={Springer}
}
@incollection{lamport2019byzantine,
  title={The Byzantine generals problem},
  author={Lamport, Leslie and Shostak, Robert and Pease, Marshall},
  booktitle={Concurrency: the Works of Leslie Lamport},
  pages={203--226},
  year={2019}
}
@article{srikanth1987simulating,
  title={Simulating authenticated broadcasts to derive simple fault-tolerant algorithms},
  author={Srikanth, TK and Toueg, Sam},
  journal={Distributed Computing},
  volume={2},
  number={2},
  pages={80--94},
  year={1987},
  publisher={Springer}
}